% Encoding: UTF-8

@Misc{FIE,
  howpublished = {-- Режим доступа: \url{https://www.rusfencing.ru/} -- (дата обращения: 14.05.2022)},
  title        = {Федерация фехтования России},
  timestamp    = {2022-05-03},
}

@Misc{EnGarde,
  howpublished = {-- Режим доступа: \url{http://club.fencing.ru/} -- (дата обращения: 10.05.2022)},
  title        = {En Garde},
  timestamp    = {2022-05-10},
}

@Misc{GO,
  howpublished = {-- Режим доступа: \url{https://go.dev/} -- (дата обращения: 23.08.2022)},
  title        = {Golang},
  timestamp    = {2022-08-23},
}

@Misc{GIN,
  howpublished = {-- Режим доступа: \url{https://gin-gonic.com/docs/} -- (дата обращения: 23.08.2022)},
  title        = {Gin},
  timestamp    = {2022-08-24},
}

@Misc{testing,
  howpublished = {-- Режим доступа: \url{https://pkg.go.dev/testing} -- (дата обращения: 23.08.2022)},
  title        = {testing},
  timestamp    = {2022-08-26},
}

@Misc{Postman,
  howpublished = {-- Режим доступа: \url{https://postman.com/} -- (дата обращения: 27.08.2022)},
  title        = {Postman},
  timestamp    = {2022-08-29},
}

@Misc{JWT,
  howpublished = {-- Режим доступа: \url{https://jwt.io/} -- (дата обращения: 23.08.2022)},
  title        = {JWT},
  timestamp    = {2022-08-29},
}

@Misc{PL,
  howpublished = {-- Режим доступа: \url{https://www.postgresql.org/docs/9.6/plpgsql.html} -- (дата обращения: 25.08.2022)},
  title        = {PL/pgSQL},
  timestamp    = {2022-08-29},
}

@Misc{models,
  howpublished = {-- Режим доступа: \url{http://bseu.by/it/tohod/lekcii2_3.htm} -- (дата обращения: 23.05.2022)},
  title        = {Модели данных},
  timestamp    = {2022-08-29},
}

@Misc{rel,
  howpublished = {-- Режим доступа: \url{http://bseu.by/it/tohod/lekcii2_2.htm} -- (дата обращения: 23.05.2022)},
  title        = {Реляционна модель данных},
  timestamp    = {2022-08-29},
}

@Misc{key-value,
  howpublished = {-- Режим доступа: \url{https://aws.amazon.com/ru/nosql/key-value/} -- (дата обращения: 23.05.2022)},
  title        = {Определение базы данных на основе пар «ключ‑значение»},
  timestamp    = {2022-08-29},
}

@Article{Angles2008,
  author  = {Angles, Renzo; Gutierrez, Claudio},
  journal = {ACM Computing Surveys},
  title   = {Survey of graph database models},
  year    = {2008},
  volume  = {40},
}

@Book{Silberschatz2010,
  author    = {Silberschatz, Avi},
  publisher = {McGraw-Hill},
  title     = {Database System Concepts, Sixth Edition},
  year      = {2010},
}

@Misc{post,
  howpublished = {-- Режим доступа: \url{http://bseu.by/it/tohod/lekcii2_4.htm} -- (дата обращения: 23.08.2022)},
  title        = {Постреляционные модели данных},
  timestamp    = {2022-08-29},
}

@Misc{postgresdocs,
  howpublished = {-- Режим доступа: \url{https://www.postgresql.org/} -- (дата обращения: 23.08.2022)},
  title        = {PostgreSQL},
  timestamp    = {2022-08-29},
}

@Misc{python,
  howpublished = {-- Режим доступа: \url{https://www.python.org/} -- (дата обращения: 10.09.2022)},
  title        = {Python},
  timestamp    = {2022-08-29},
}

@Misc{postgres,
  howpublished = {-- Режим доступа: \url{https://postgrespro.ru/docs/postgresql/9.6/intro-whatis} -- (дата обращения: 30.08.2022)},
  title        = {PostgreSQL Documentation},
  timestamp    = {2022-08-29},
}

@Misc{mimesis,
  howpublished = {-- Режим доступа: \url{https://mimesis.name/en/master/} -- (дата обращения: 10.09.2022)},
  title        = {Python Mimesis Documentation},
  timestamp    = {2022-08-29},
}

@Comment{jabref-meta: databaseType:bibtex;}
